<record><leader>00000cas a22000007a 4500</leader><controlfield tag="001">21997263</controlfield><controlfield tag="008">900713d18111814nyuwr ne      0    0eng d</controlfield><datafield ind1=" " ind2=" " tag="010"><subfield code="a">sn 90066109 </subfield></datafield><datafield ind1=" " ind2=" " tag="040"><subfield code="a">NYS</subfield><subfield code="b">eng</subfield><subfield code="c">NYS</subfield><subfield code="d">OCL</subfield><subfield code="d">OCLCQ</subfield><subfield code="d">OCLCO</subfield></datafield><datafield ind1=" " ind2=" " tag="042"><subfield code="a">msc</subfield></datafield><datafield ind1=" " ind2=" " tag="043"><subfield code="a">n-us-ny</subfield></datafield><datafield ind1="0" ind2="0" tag="245"><subfield code="a">American farmer, and Owego advertiser.</subfield></datafield><datafield ind1=" " ind2=" " tag="260"><subfield code="a">Owego Village, (Tioga) Broome County, N.Y. :</subfield><subfield code="b">Stephen Mack</subfield></datafield><datafield ind1=" " ind2=" " tag="300"><subfield code="a">v.</subfield></datafield><datafield ind1=" " ind2=" " tag="310"><subfield code="a">Weekly</subfield></datafield><datafield ind1="1" ind2=" " tag="362"><subfield code="a">Began in 1811? Ceased in 1814?</subfield></datafield><datafield ind1=" " ind2=" " tag="500"><subfield code="a">Broome County was created from part of Tioga County in 1806.</subfield></datafield><datafield ind1=" " ind2=" " tag="588"><subfield code="a">Description based on: Vol. 9, no. 9 (Oct. 9, 1811).</subfield></datafield><datafield ind1=" " ind2="0" tag="651"><subfield code="a">Owego Village (N.Y.)</subfield><subfield code="v">Newspapers.</subfield></datafield><datafield ind1=" " ind2="0" tag="651"><subfield code="a">Owego (N.Y.)</subfield><subfield code="v">Newspapers.</subfield></datafield><datafield ind1=" " ind2=" " tag="752"><subfield code="a">United States</subfield><subfield code="b">New York</subfield><subfield code="c">Tioga</subfield><subfield code="d">Owego Village.</subfield></datafield><datafield ind1=" " ind2=" " tag="752"><subfield code="a">United States</subfield><subfield code="b">New York</subfield><subfield code="c">Tioga</subfield><subfield code="c">Owego.</subfield></datafield><datafield ind1="0" ind2="0" tag="780"><subfield code="t">American farmer (Owego, N.Y.)</subfield><subfield code="w">(DLC)sn 85026926</subfield></datafield><datafield ind1="0" ind2="0" tag="785"><subfield code="t">Owego gazette (Owego, N.Y. : 1814)</subfield><subfield code="w">(DLC)sn 83031465</subfield></datafield></record>